@Book{Walker+AC,
  author =       "R. J. Walker",
  title =        "Algebric curves",
  publisher =    "Princeton",
  year =         1950,
  address =      "New Jersey"
}

@Book{RBix+CnC,
  author =       "Richard Bix",
  title =        "Conics and Cubics",
  publisher =    "Springer",
  year =         1998,
  address =      "New York"
}

@Book{PJRyan+EaNEG,
  author =       "P.J. Ryan",
  title =        "Euclidean and non-euclidean geometry",
  publisher =    "Cambridge university press",
  year =         1991,
  address =      "Melbourne"
}

